%% LaTeX2e file `.bib'
%% generated by the `filecontents' environment
%% from source `Group16_DataStructureProject_Document' on 2018/03/20.
%%
 {
  bibliography goes here
 }
